%%---------------------------------------------------------------
%%%     Articles   %%%
%%%-------------------------------------------------------------
@ARTICLE{vreman:1995,
    AUTHOR={B. Vreman and B. Geurts and H. Kuerten},
    TITLE={Subgrid-modeling in {LES} of compressible flow},
    JOURNAL={Applied Scientific Research},
    YEAR={1995},
    VOLUME={54},
    PAGES={191--203}  }
    
@article{Lund:03,
   author     = {T Lund},
   journal    = {Computers and Mathematics with Applications},
   title      = {The use of explicit filters in large eddy simulation},
   abstract   = {Page 1. An International Journal computers {\&} mathematics with applicatlcns PERGAMON Computers and Mathematics with Applications 46 (2003) 603-616 www.elsevier.com/locate/ camwa The Use of Explicit Filters in Large Eddy Simulation },
   year       = {2003},
   month      = {Jan},
   date-added = {2008-03-17 13:30:32 -0400},
   date-modified= {2008-03-17 17:53:53 -0400},
   pmid       = {2748738607730160186related:OnIoRjN7JSYJ},
   URL        = {http://linkinghub.elsevier.com/retrieve/pii/S0898122103900198},
   local-url  = {file://localhost/Users/willem/Documents/Papers/2003/Lund/Lund2003.pdf},
   uri        = {papers://4F45C02A-7B08-4732-B3E7-00BF02F0E5D9/Paper/p142},
   read       = {Yes},
   rating     = {0}
}

    
@Article{martin:2000,
  AUTHOR={M. P. Mart\'in and U. Piomelli and G. V. Candler},
  YEAR={2000},
  TITLE={Subgrid-scale models for compressible large-eddy simulations},
  JOURNAL={Theoretical and Computational Fluid Dynamics},
  VOLUME={13},
  PAGES={361--376}
}

   
@article{Smagorinsky:1963,
   author     = {J Smagorinsky},
   journal    = {Monthly Weather Review},
   title      = {General Circulation Experiments with the Primitive Equations},
   number     = {3},
   pages      = {99--164},
   volume     = {91},
   year       = {1963},
   date-added = {2008-07-31 16:39:26 -0400},
   date-modified= {2008-09-23 16:31:17 -0400},
   pmid       = {6576775453502402687related:f_CEAW5mRVsJ},
   local-url  = {file://localhost/Users/willem/Documents/Papers/1963/Smagorinsky/Smagorinsky1963-1.pdf},
   uri        = {papers://4F45C02A-7B08-4732-B3E7-00BF02F0E5D9/Paper/p3585},
   read       = {Yes},
   rating     = {0}
}

@ARTICLE{Ivan:2013,
    AUTHOR={L. Ivan and C. P. T. Groth},
    TITLE={High-order solution-adaptive central essentially non-oscillatory (CENO) method for viscous flows},
    JOURNAL=JCP,
    YEAR={2013},
    VOLUME={257},		  
    PAGES={830-862}  
}

@ARTICLE{Brisebois:2014,
    AUTHOR={V. Caux-Brisebois and A. Steinberg and C. Arndt and W. Meier},
    TITLE={Thermo-acoustic velocity coupling in a swirl stabilized gas turbine model combustor},
    JOURNAL=CNF,
    YEAR={2014},
    VOLUME={161},
    PAGES={3166-3180}  
}

@ARTICLE{kaneda:2006,
	AUTHOR={Y. Kaneda and T. Ishihara},
	TITLE={High-Resolution Direct Numerical Simulation of Turbulence},
	JOURNAL=JT,
	YEAR={2006},
	VOLUME={7},
	NUMBER={20},
	PAGES={}
}

@ARTICLE{Giles:2000,
	AUTHOR={M. B. Giles and N. A. Pierce},
	TITLE={An Introduction to the Adjoint Approach to Design},
	JOURNAL={Flow, Turbulence and Combustion},
	YEAR={2000},
	VOLUME={65},
	NUMBER={},
	PAGES={393-415}

}

@ARTICLE{Becker:2001,
AUTHOR={ R. Becker and R. Rannacher},
	TITLE={An optimal control approach to a posteriori error estimation in finite element methods},
	JOURNAL={Acta Numerica},
	YEAR={2001},
	VOLUME={10},
	NUMBER={},
	PAGES={1-102}
}

@ARTICLE{Venditti:2001,
AUTHOR={D. A. Venditti and D. L. Darmofal},
	TITLE={Anisotropic grid adaptation for functional outputs: application to two-dimensional flows},
	JOURNAL=JCP,
	YEAR={2003},
	VOLUME={187},
	NUMBER={},
	PAGES={22-46}
}

@ARTICLE{Fidkowski:2011,
	AUTHOR={K. J. Fidkowski and D. L. Darmofal},
	TITLE={Review of Output-Based Error Estimation and Mesh Adaptation in Computational Fluid Dynamics},
	JOURNAL={AIAA Journal},
	YEAR={2011},
	VOLUME={49},
	NUMBER={4},
	PAGES={}
}
	
%%------------------------------------------------------------------
 %%        Tech Reports
 
%%------------------------------------------------------------------	
	
@TECHREPORT{intel:2005,
	AUTHOR= {},
	TITLE={Excerpts from A Conversation with Gordon Moore: Moore's Law},
	INSTITUTION={Intel Corporation},
	TYPE={Video Transcript},
	NUMBER={0305/TSM/LAI/XX/PDF 306959-001US},
	MONTH={September},
	YEAR={2005} 
}


@TECHREPORT{Zhang:2011a,
	AUTHOR={Z. J. Zhang and C. P. T. Groth},
	TITLE = {Parallel High-Order Anisotropic Block-Based Adaptive Mesh Refinement Finite-Volume Scheme},
	NOTE={20th AIAA Computational Fluid Dynamics Conference},
	INSTITUTION={American Institute of Aeronautics and Astronautics},
	MONTH={June},
	YEAR={2011}
}

@TECHREPORT{knight:1998,
    AUTHOR={D. Knight and G. Zhou and N. Okong'o and V. Shukla},
    TITLE={Compressible Large Eddy Simulation Using Unstructured Grids},
    INSTITUTION={AIAA},
    YEAR={1998},
    TYPE={Paper},
    NUMBER={98-0535},
    MONTH={January}  }

@TECHREPORT{Groth:1999,
	AUTHOR={C. P. T. Groth and D. L. De Zeeuw and K. G. Powell and T. I. Gombosi and Q. F. Stout},
	TITLE = {A Parallel Solution-Adaptive Scheme for Ideal Magnetohydrodynamics},
	NOTE={14th Computational Fluid Dynamics Conference},
	INSTITUTION={American Institute of Aeronautics and Astronautics},
	MONTH={June},
	YEAR={1999}
}

@TECHREPORT{Neto:2014,
	AUTHOR={L. Tobaldlini Neto and C. P. T. Groth},
	TITLE={ A High-Order Finite-Volume Scheme for Large-Eddy Simulation of Turbulent Premixed Flames},
	NOTE={52nd Aerospace Sciences Meeting},
	INSTITUTION={American Institute of Aeronautics and Astronautics},
	MONTH={January},	
	YEAR={2014}
}
    
@TECHREPORT{Williamschen:2013,
	AUTHOR={M. J. Williamschen and C. P. T. Groth},
	TITLE = {Parallel Anisotropic Block-Based Adaptive Mesh Refinement Algorithm For Three-Dimensional Flows},
	NOTE={21st AIAA Computational Fluid Dynamics Conference},
	INSTITUTION={American Institute of Aeronautics and Astronautics},
	MONTH={June},
	YEAR={2013}
}

@TECHREPORT{Charest:2013,
	AUTHOR={M. R. J. Charest and C. P. T. Groth},
	TITLE = {A High-Order Central ENO Finite-Volume Scheme for Three-Dimensional Turbulent Flows on Unstructured Mesh},
	NOTE={21st AIAA Computational Fluid Dynamics Conference},
	INSTITUTION={American Institute of Aeronautics and Astronautics},
	MONTH={June},
	YEAR={2013}
}

@TECHREPORT{Northrup:2005b,
	AUTHOR={C. P. T. Groth and S. A. Northrup},
	TITLE = {Parallel Implicit Adaptive Mesh Refinement Scheme for Body-Fitted Multi-Block Mesh},
	NOTE={17th AIAA Computational Fluid Dynamics Conference},
	INSTITUTION={American Institute of Aeronautics and Astronautics},
	MONTH={June},
	YEAR={2005}
}


@TECHREPORT{Shahbazian:2011,
	AUTHOR={N. Shahbazian and C. P. T. Groth and {\"O}. L. G{\"u}lder},
	TITLE = {Assessment of Presumed PDF Models for Large Eddy
Simulation of Turbulent Premixed Flames},
	NUMBER={AIAA 2011-781},
	NOTE={49th AIAA Aerospace Sciences Meeting},
	INSTITUTION={American Institute of Aeronautics and Astronautics},
	MONTH={January},
	YEAR={2011}
}

@TECHREPORT{Groth:2013,
	AUTHOR= {C. P. T. Groth},
	TITLE={Control and Reduction of Numerical Errors in Reactive Flow LES},
	INSTITUTION={UTRC Workshop},
	TYPE={},
	DAY={9},
	MONTH={September},
	YEAR={2013} 
}

@TECHREPORT{Fidkowski:2013,
	AUTHOR= {K. J. Fidkowski},
	TITLE={High-Order Output-Based Adaptive Methods for Steady and Unsteady Aerodynamics},
	INSTITUTION={Von Karman Institute},
	TYPE={Invited Lecture},
	DAY={12},
	MONTH={December},
	YEAR={2013} 
}

@TECHREPORT{Freret:2015,
	AUTHOR= {L. Freret and C. P. T. Groth},
	TITLE={Anisotropic Non-Uniform Block-Based Adaptive Mesh Refinement for Three-Dimensional Inviscid and Viscous Flows},
	INSTITUTION={American Institute of Aeronautics and Astronautics},
	TYPE={22nd AIAA Computational Fluid Dynamics Conference },
	NOTE={Accepted},
	DAY={22},
	MONTH={June},
	YEAR={2015} 

}

%%------------------------------------------------------------------
 %%        Theses

%%------------------------------------------------------------------

@PHDTHESIS{Northrup:2013,
    AUTHOR={S. A. Northrup},
    TITLE={A Parallel Implicit Adaptive Mesh Refinement Algorithm for Predicting Unsteady Fully-Compressible Reactive Flows},
    SCHOOL={University of Toronto},
    YEAR={2013}  
}
    
@PHDTHESIS{HPerez:2011,
    AUTHOR={F. E. Hern{\'a}ndez-P{\'e}rez},
    TITLE={Subfilter Scale Modelling for Large Eddy Simulation of Lean Hydrogen-Enriched Turbulent Premixed Combustion},
    SCHOOL={University of Toronto},
    YEAR={2011}
}  
    
@MastersTHESIS{Deconinck:2008,
    AUTHOR={W. Deconinck},
    TITLE={Design and Application of Discrete Explicit Filters for Large Eddy Simulation of Compressible Turbulent Flows},
    SCHOOL={University of Toronto},
    YEAR={2008}
}    

@mastersthesis{Zhang:2011b,
    AUTHOR={Z. J. Zhang},
    TITLE={Parallel Anisotropic Block-Based Adaptive Mesh Refinement Finite-Volume Scheme},
    SCHOOL={University of Toronto},
    YEAR={2011}
}    

%%------------------------------------------------------------------
 %%        BOOKS

%%------------------------------------------------------------------
@inbook{Pope:2005,
  author       = {Stephen B. Pope}, 
  title        = {Turbulent Flows},
  chapter      = {6},
  pages        = {183},
  publisher    = {Cambridge University Press},
  year         = {2005},
  edition      = {4th}
}

@book{Toro:1997,
   title = "Riemann solvers and numerical methods for fluid dynamics : a practical introduction",
   author = "Toro, E. F.",
   publisher = "Springer",
   address = "Berlin, New York",
   year = 1997
}