%%%%%%%%%%%%%%%%%%%%%%%% Journal Abbreviations %%%%%%%%%%%%%%%%%%%%%%

@string{acmcs = "ACM Comput. Surveys"}

@string{acta = "Acta Inf."}

@string{actaNum = "Acta Numer."}

@string{AdvApplMath = "Advan. Appl. Math."}

@string{AdvApplMathMech = "Advan. Appl. Math. Mech."}

@string{AdvGeo = "Adv. Geophys."}

@string{AdvSpaceRes = "Adv. Space Res."}

@string{ApplMathComp = "Appl. Math. Comput."}

@string{ApplNumMath = "Appl. Numer. Math."}

@string{AIAAJ = "AIAA~J."}

@string{AeroJ = "Aeronaut.~J."}

@string{AJM = "Amer.~J. Math."}

@string{AnnGeo = "Ann. Geophys."}

@string{AnnRevFM = "Ann. Rev. Fluid Mech."}

@string{AnnRevAA = "Ann. Rev. Astron. Astrophys."}

@string{ASCEJ = "ASCE~J."}

@string{ASMEFluids = "ASME~J. Fluids Eng."}

@string{ASMETurbo = "ASME~J. Turbomachinery"}

@string{AA = "Astron. Astrophys."}

@string{ANS = "Atomiz. Sprays"}

@string{APJ = "Astrophys.~J."}

@string{AST = "Aerosol Sci. Tech."}

@string{CJP = "Can. J. Phys."}

@string{ChemEngSci = "Chem. Eng. Sci."}

@string{CombFlame = "Combust. Flame"}

@string{CombST = "Combust. Sci. Tech."}

@string{CombTM = "Combust. Theory Modelling"}

@string{cacm = "Commun. ACM"}

@string{CommPAM = "Commun. Pure Appl. Math."}

@string{CiAMCS = "Commun. Appl. Math. Comput. Sci."}

@string{CiANM = "Commun. Appl. Numer. Meth."}

@string{CiCP = "Commun. Comput. Phys."}

@string{CommMathPhys = "Commun. Math. Phys."}

@string{CompMethAppMechEng = "Comp. Meth. Appl. Mech. Engrg."}

@string{CompFluids = "Computer \& Fluids"}

@string{ConMechTherm = "Continuum Mech. Thermodyn."}

@string{ENF = "Energy and Fuels"}

@string{FTC = "Flow Turb. Combust."}

@string{GRL = "Geophys. Res. Lett."}

@string{ibmjrd = "IBM J. Res. Dev."}

@string{ibmsj = "IBM Syst.~J."}

@string{ieeese = "IEEE Trans. Softw. Eng."}

@string{ieeetc = "IEEE Trans. Comput."}

@string{ieeetcad = "IEEE Trans. Comput.-Aided Design Integrated Circuits"}

@string{IECF = "Ind. and Eng. Chem. Fundam."}

@string{ipl = "Inf. Process. Lett."}

@string{IJCFD = "Int. J. Comput. Fluid Dyn."}

@string{IJER = "Int. J. Engine Research"}

@string{IJHFF = "Int. J. Heat Fluid Flow"}

@string{IJHMT = "Int. J. Heat Mass Trans."}

@string{IJHE = "Int. J. Hydrogen Energy"}

@string{IJMF = "Int. J. Multiphase Flow"}

@string{IJNME = "Int. J. Numer. Meth. Engin."}

@string{IJNMF = "Int. J. Numer. Meth. Fluids"}

@string{IJNMHFF = "Int. J. Numer. Meth. Heat Fluid Flow"}

@string{JSAEReview = "JSAE Review"}

@string{JAAS = "J.~Anal. At. Spectrom."}

@string{jacm = "J.~Assoc. Comput. Mach."}

@string{JASA = "J.~Acoust. Soc. Am."}

@string{JAS = "J.~Aeronaut. Sci."}

@string{JASS = "J.~Aero/Space Sci."}

@string{JAircraft = "J.~Aircraft"}

@string{JAP = "J.~Appl. Phys."}

@string{JChemPhys = "J.~Chem. Phys."}

@string{jcss = "J.~Comput. System Sci."}

@string{JCP = "J.~Comput. Phys."}

@string{JEM = "J.~Engin. Math."}

@string{JFM = "J.~Fluid Mech."}

@string{JGR = "J.~Geophys. Res."}

@string{JNT = "J.~Non-Equ. Thermodyn."}

@string{JNM = "J.~Numer. Math."}

@string{JPD = "J.~Phys. D: Appl. Phys."}

@string{JPhysChem = "J.~Phys. Chem."}

@string{JPP = "J.~Plasma Physics"}

@string{JPCRD = "J.~Phys. Chem. Ref. Data"}

@string{JPDC = "J.~Parallel Dist. Comput."}

@string{JPropulsion = "J.~Propulsion Power"}

@string{JSpecRad = "J.~Quant. Spect. Rad. Trans."}

@string{JRoyAS = "J.~Roy. Aeronaut. Soc."}

@string{JSC = "J.~Sci. Comput."}

@string{JSoundVib = "J.~Sound Vib."}

@string{JSpacecraft = "J.~Spacecraft Rockets"}

@string{JSP = "J.~Stat. Phys."}

@string{JTHT = "J.~Thermophys. Heat Transfer"}

@string{JTurb = "J. Turbulence"}

@string{LaserPartBeams = "Laser and Particle Beams"}

@string{MathComp = "Math. Comp."}

@string{MatSborn = "Mat. Sb."}

@string{MathModelNatPhenom = "Math. Model. Nat. Phenom."}

@string{MechEng = "Mech. Engin.~J."}

@string{NumHT	= "Numer. Heat Trans."}

@string{NumMath	= "Numer. Math."}
		  
@string{NumPDE = "Numer. Meth. Part. Differ. Equ."}

@string{TransRSLA = "Phil. Trans. Royal Soc. London A"}

@string{PhysFluids = "Phys. Fluids"}

@string{PhysFluidsA = "Phys. Fluids A"}

@string{PhysLettersA = "Phys. Lett.~A"}

@string{PhysRev = "Physical Rev."}

@string{PhysRevA = "Physical Rev.~A"}

@string{PhysRevB = "Physical Rev.~B"}

@string{PhysRevE = "Physical Rev.~E"}

@string{PhysRevLetters = "Physical Rev. Lett."}

@string{Plasma = "Plasma Phys."}

@string{Planet = "Planet. Space Sci."}

@string{ProcCI = "Proc. Combust. Inst."}

@string{ProcIME = "Proc. Instn. Mech. Engrs."}

@string{ProcLMS = "Proc. London Math. Soc."}

@string{ProcRSLA = "Proc. Royal Soc. London A"}

@string{ProgAeroSci = "Prog. Aero. Sci."}

@string{ProgCFD = "Prog. Comput. Fluid Dyn."}

@string{ProgEnergyCombSci = "Prog. Energy Combust. Sci."}

@string{RevModPhys = "Rev. Modern Phys."}

@string{RevGeoSpacePhys = "Rev. Geophys. Space Phys."}

@string{scp = "Sci. Comput. Programming"}

@string{SIAMApplMath = "SIAM J. Appl. Math."}

@string{SIAMComp = "SIAM J. Comput."}

@string{SIAMConOpt = "SIAM J. Control Opt."}

@string{SIAMNumAnal = "SIAM J. Numer. Anal."}

@string{SIAMSciComp = "SIAM J. Sci. Comput."}

@string{SIAMSciStatComp = "SIAM J. Sci. Stat. Comput."}

@string{SIAMRev = "SIAM Rev."}

@string{SolarPhys = "Sol. Phys."}

@string{SovMathDok = "Sov. Math. Dokl."}

@string{SovPhysDok = "Sov. Phys. Dokl."}

@string{SpaceSciRev = "Space Sci. Rev,"}

@string{TCFD = "Theoret. Comput. Fluid Dyn."}

@string{TAMS = "Trans. Amer. Math. Soc."}

@string{tocs = "ACM Trans. Comput. Syst."}

@string{tods = "ACM Trans. Database Syst."}

@string{tog = "ACM Trans. Gr."}

@string{toms = "ACM Trans. Math. Softw."}

@string{toois = "ACM Trans. Office Inf. Syst."}

@string{toplas = "ACM Trans. Prog. Lang. Syst."}

@string{tcs = "Theoretical Comput. Sci."}

@string{ZAMM = "Z.~Angew. Math. Mech."}

@string{ZVMMF = "Z.~Vychy. Mat. Mat. Fiz."}
