%%%%%%%%%%%%%%%%%%%%%%%% Journal Abbreviations %%%%%%%%%%%%%%%%%%%%%%

@string{acmcs = "ACM Computing Surveys"}

@string{acta = "Acta Informatica"}

@string{actaNum = "Acta Numerica"}

@string{AdvApplMath = "Advances in Applied Mathematics"}

@string{AdvApplMathMech = "Advances in Applied Mathematics and Mechanics"}

@string{AdvSpaceRes = "Advances in Geophysics"}

@string{AdvSpaceRes = "Advances in Space Research"}

@string{ApplMathComp = "Applied Mathematics and Computation"}

@string{ApplNumMath = "Applied Numerical Mathematics"}

@string{AIAAJ = "AIAA Journal"}

@string{AeroJ = "The Aeronautical Journal"}

@string{AJM = "American Journal of Mathematics"}

@string{AnnGeo = "Annales Geophysicae"}

@string{AnnRevFM = "Annual Review of Fluid Mechanics"}

@string{AnnRevAA = "Annual Review of Astronomy and Astrophysics"}

@string{ASCEJ = "ASCE Journal"}

@string{ASMEFluids = "ASME Journal of Fluids Engineering"}

@string{ASMETurbo = "ASME Journal of Turbomachinery"}

@string{AA = "Astronomy and Astrophysics"}

@string{ANS = "Atomization and Sprays"}

@string{APJ = "Astrophysical Journal"}

@string{AST = "Aerosol Science and Technology"}

@string{CJP = "Canadian Journal of Physics"}

@string{ChemEngSci = "Chemical Engineering Science"}

@string{CombFlame = "Combustion and Flame"}

@string{CombST = "Combustion Science and Technology"}

@string{CombTM = "Combustion Theory and Modelling"}

@string{cacm = "Communications of the ACM"}

@string{CiAMCS = "Communications in Applied Mathematics and Computational Science"}

@string{CiANM = "Communications in Applied Numerical Methods"}

@string{CiCP = "Communications in Computational Physics"}

@string{CommPAM = "Communications on Pure and Applied Mathematics"}

@string{CommMathPhys = "Communications in Mathematical Physics"}

@string{CompFluids = "Computer \& Fluids"}

@string{CompMethAppMechEng = "Computer Methods in Applied Mechanics and Engineering"}

@string{ConMechTherm = "Continuum Mechanics and Thermodynamics"}

@string{ENF = "Energy and Fuels"}

@string{FTC = "Flow, Turbulence and Combustion"}

@string{GRL = "Geophysical Research Letters"}

@string{ibmjrd = "IBM Journal of Research and Development"}

@string{ibmsj = "IBM Systems Journal"}

@string{ieeese = "IEEE Transactions on Software Engineering"}

@string{ieeetc = "IEEE Transactions on Computers"}

@string{ieeetcad = "IEEE Transactions on Computer-Aided Design of Integrated Circuits"}

@string{IECF = "Industrial and Engineering Chemistry Fundamentals"}

@string{ipl = "Information Processing Letters"}

@string{IJCFD = "International Journal of Computational Fluid Dynamics"}

@string{IJER = "International Journal of Engine Research"}

@string{IJHFF = "International Journal of Heat and Fluid Flow"}

@string{IJHMT = "International Journal of Heat and Mass Transfer"}

@string{IJHE = "International Journal of Hydrogen Energy"}

@string{IJMF = "International Journal of Multiphase Flow"}

@string{IJNME = "International Journal for Numerical Methods in Engineering"}

@string{IJNMF = "International Journal for Numerical Methods in Fluids"}

@string{IJNMHFF = "International Journal of Numerical Methods for Heat and Fluid Flow"}

@string{JSAEReview = "JSAE Review"}

@string{JAAS = "Journal of Analytical Atomic Spectrometry"}

@string{jacm = "Journal of the ACM"}

@string{JASA = "Journal of the Acoustical Society of America"}

@string{JAS = "Journal of the Aeronautical Sciences"}

@string{JASS = "Journal of the Aero/Space Sciences"}

@string{JAircraft = "Journal of Aircraft"}

@string{JAP = "Journal of Applied Physics"}

@string{JChemPhys = "Journal of Chemical Physics"}

@string{jcss = "Journal of Computer and System Sciences"}

@string{JCP = "Journal of Computational Physics"}

@string{JEM = "Journal of Engineering Mathematics"}

@string{JFM = "Journal of Fluid Mechanics"}

@string{JGR = "Journal of Geophysical Research"}

@string{JNT = "Journal of Non-Equilibrium Thermodynamics"}

@string{JNM = "Journal of Numerical Mathematics"}

@string{JPD = "Journal of Physics D: Applied Physics"}

@string{JPhysChem = "Journal of Physical Chemistry"}

@string{JPP = "Journal of Plasma Physics"}

@string{JPCRD = "Journal of Physical and Chemical Reference Data"}

@string{JPDC = "Journal of Parallel and Distributed Computing"}

@string{JPropulsion = "Journal of Propulsion and Power"}

@string{JSpecRad = "Journal of Quantitative Spectroscopy and Radiative Transfer"}

@string{JRoyAS = "Journal of the Royal Aeronautical Society"}

@string{JSC = "Journal of Scientific Computing"}

@string{JSoundVib = "Journal of Sound and Vibration"}

@string{JSpacecraft = "Journal of Spacecraft and Rockets"}

@string{JSP = "Journal of Statistical Physics"}

@string{JTHT = "Journal of Thermophysics and Heat Transfer"}

@string{JTurb = "Journal of Turbulence"}

@string{LaserPartBeams = "Laser and Particle Beams"}

@string{MathComp = "Mathematics of Computation"}

@string{MatSborn = "Matematicheskii Sbornik"}

@string{MathModelNatPhenom = "Mathematical Modelling of Natural Phenomena"}

@string{MechEng = "Mechanical Engineering Journal"}
		  
@string{NumHT	= "Numerical Heat Transfer"}

@string{NumMath	= "Numerical Mathematics"}
		  
@string{NumPDE = "Numerical Methods for Partial Differential Equations"}

@string{TransRSLA = "Philosophical Transactions of the Royal Society of London A"}

@string{PhysFluids = "Physics of Fluids"}

@string{PhysFluidsA = "Physics of Fluids A"}

@string{PhysLettersA = "Physics Letters A"}

@string{PhysRev = "Physical Review"}

@string{PhysRevA = "Physical Review A"}

@string{PhysRevB = "Physical Review B"}

@string{PhysRevE = "Physical Review E"}

@string{PhysRevLetters = "Physical Review Letters"}

@string{Plasma = "Plasma Physics"}

@string{Planet = "Planetary and Space Science"}

@string{ProcCI = "Proceedings of the Combustion Institute"}

@string{ProcIME = "Proceedings of the Institution of Mechanical Engineers"}

@string{ProcLMS = "Proceedings of the London Mathematics Society"}

@string{ProcRSLA = "Proceedings of the Royal Society of London A"}

@string{ProgAeroSci = "Progress in Aerospace Science"}

@string{ProgCFD = "Progress in Computational Fluid Dynamics"}

@string{ProgEnergyCombSci = "Progress in Energy and Combustion Science"}

@string{RevModPhys = "Review of Modern Physics"}

@string{RevGeoSpacePhys = "Reviews of Geophysics and Space Physics"}

@string{scp = "Science of Computer Programming"}

@string{SIAMApplMath = "SIAM Journal on Applied Mathematics"}

@string{SIAMComp = "SIAM Journal on Computing"}

@string{SIAMConOpt = "SIAM Journal on Control and Optimization"}

@string{SIAMNumAnal = "SIAM Journal on Numerical Analysis"}

@string{SIAMSciComp = "SIAM Journal on Scientific Computing"}

@string{SIAMSciStatComp = "SIAM Journal for Scientific and Statistical Computing"}

@string{SIAMRev = "SIAM Review"}

@string{SolarPhys = "Solar Physics"}

@string{SovMathDok = "Soviet Mathematics Doklady"}

@string{SovPhysDok = "Soviet Physics Doklady"}

@string{SpaceSciRev = "Space Science Reviews"}

@string{TCFD = "Theoretical and Computational Fluid Dynamics"}

@string{TAMS = "Transactions of the American Mathematical Society"}

@string{tocs = "ACM Transactions on Computer Systems"}

@string{tods = "ACM Transactions on Database Systems"}

@string{tog = "ACM Transactions on Graphics"}

@string{toms = "ACM Transactions on Mathematical Software"}

@string{toois = "ACM Transactions on Office Information Systems"}

@string{toplas = "ACM Transactions on Programming Languages and Systems"}

@string{tcs = "Theoretical Computer Science"}

@string{ZAMM = "Zeitschrift {f\"{u}r} Angewandte Mathematik und Mechanik"}

@string{ZVMMF = "Zhurnal Vychyslitelnoi Matematiki i Matematicheskoi Fiziki"}
