%%%%%%%%%%%%%%%
% My References
% 2010-10-12
%%%%%%%%%%%%%%%

@INPROCEEDINGS{charest:2008,
    AUTHOR={M. R. J. Charest and C. P. T. Groth and {\"{O}}. L. G{\"{u}}lder},
    TITLE={A Parallel Solution Adaptive Method for Radiative Heat 
           Transfer Using a Newton-Krylov Approach},
    BOOKTITLE={Proceedings of the 18th Annual Conference of the CFD Society of Canada, 
               London, Ontario, Canada, May 18-19, 2010},
    YEAR={2010}}

@INPROCEEDINGS{coudeville:1965,
    AUTHOR={P. T. H. Coudeville and E. Brun},
    TITLE={Drag Measurements in Slip and Transition Flow},
    BOOKTITLE={Proceedings of the Fourth International 
               Symposium on Rarefied Gas Dynamics},
    YEAR={1965},
    PUBLISHER={Academic Press},
    ADDRESS={New York},
    PAGES={444--468}  }

@ARTICLE{divitiis:1994,
    AUTHOR={N. de Divitiis and G. de Matteis and L. M. de Socio},
    TITLE={Dynamics of Aerospace Vehicles at Very High Altitudes},
    JOURNAL={Meccanica},
    YEAR={1994},
    VOLUME={29},
    PAGES={61--80}  }

@TECHREPORT{gao:2008a,
    AUTHOR={X. Gao and C. P. T. Groth},
    TITLE={Parallel Adaptive Mesh Refinement Scheme for 
           Three-Dimensional Turbulent Non-Premixed 
           Combustion},
    INSTITUTION={AIAA},
    YEAR={2008},
    TYPE={Paper},
    NUMBER={2008-1017},
    MONTH={January}  }

@PHDTHESIS{gao:2008b,
    AUTHOR={X. Gao},
    TITLE={A Parallel Solution-Adaptive Method for Turbulent
           Non-Premixed Combusting Flows},
    SCHOOL={University of Toronto},
    MONTH={August},
    YEAR={2008}  }

@ARTICLE{gao:2010a,
    AUTHOR={X. Gao and C. P. T. Groth},
    TITLE={A Parallel Solution-Adaptive Method for Three-Dimensional
           Turbulent Non-Premixed Combusting Flows},
    JOURNAL=JCP,
    YEAR={2010},
    VOLUME={229},
    NUMBER={5},
    PAGES={3250--3275}  }

@BOOK{granger:1995,
  AUTHOR={R. A. Granger},
  TITLE={Fluid Mechanics},
  PUBLISHER={Dover},
  ADDRESS={New York},
  YEAR={1995},
  PAGES={713--722}   }

@ARTICLE{groth:2010,
    AUTHOR={C. P. T. Groth and J. G. McDonald},
    TITLE={Towards Physically-Realizable and Hyperbolic Moment Closures
           for Kinetic Theory},
    JOURNAL={Continuum Mechanics and Thermodynamics},
    YEAR={2010},
    VOLUME={21},
    PAGES={467--493}  }

@ARTICLE{hellman:2007,
    AUTHOR={A. N. Hellman and R. R. Kaustubh and H. H. Yoon and S. Bae and J. F. Palmer and K. S. Phillips and N. L. Allbritton and V. Venugopalan},
    TITLE={Laser-Induced Mixing in Microfluidic Channels},
    JOURNAL={Anal. Chem},
    YEAR={2007},
    VOLUME={79},
    PAGES={4484--4492}  }

@PhdThesis{hittinger:2000,
  AUTHOR = 	 {J. A. Hittinger},
  TITLE = 	 {Foundations for the Generalization of the
                  Godunov Method to Hyperbolic Systems with
                  Stiff Relaxation Source Terms},
  SCHOOL = 	 {University of Michigan},
  YEAR = 	 {2000},
}

@ARTICLE{holway:1966,
    AUTHOR={L. H. Holway},
    TITLE={New Statistical Methods for Kinetic Theory: Methods of Construction},
    JOURNAL=PhysFluids,
    YEAR={1966},
    VOLUME={9},
    NUMBER={9},
    PAGES={1658--1673}  }

@Unpublished{james:unpub,
  author = 	 {J. McDonald},
  title = 	 {A Brief Introduction to Approximate Riemann Solvers},
  note = 	 {AER-1311, Unsteady Gasdynamics Handout 2007},
  OPTkey = 	 {},
  OPTmonth = 	 {},
  OPTyear = 	 {},
  OPTannote = 	 {}
}

@ARTICLE{junk:1998,
    AUTHOR={M. Junk},
    TITLE={Domain of Definition of Levermoreâ€™s Five-Moment System},
    JOURNAL=JSP,
    YEAR={1998},
    VOLUME={93},
    NUMBER={5/6},
    PAGES={1143--1167}  }

@TECHREPORT{mcdonald:2008,
    AUTHOR={J. McDonald and C. P. T. Groth},
    TITLE={Extended Fluid-Dynamic Model for Micron-Scale Flows Based on Gaussian Moment Closure},
    INSTITUTION={AIAA},
    TYPE={Paper},
    NUMBER={2008-691},
    MONTH={January},
    YEAR={2008}   }

@PhdThesis{mcdonald:2010,
  AUTHOR = 	 {J. McDonald},
  TITLE = 	 {Extended Fluid-Dynamic Modelling for Numerical 
                  Solution of Micro-Scale Flows},
  SCHOOL = 	 {University of Toronto},
  YEAR = 	 {2010},
}

@INPROCEEDINGS{northrup:2009a,
    AUTHOR={S. A. Northrup and C. P. T. Groth},
    TITLE={Prediction of Unsteady Laminar Flames Using a 
           Parallel Implicit Adaptive Mesh Refinement Algorithm},
    BOOKTITLE={Proceedings of the U.\ S.\ National Combustion Meeting,
               Ann Arbor, Michigan, U.S.A., May 17--20, 2009},
    YEAR={2009},
    PAGES={paper 23H3} }

@BOOK{patterson:1961,
  AUTHOR={G. N. Patterson},
  TITLE={Introduction to the Kinetic Theory of Gas Flows},
  PUBLISHER={University of Toronto Press},
  ADDRESS={Toronto},
  YEAR={1961}    }

@ARTICLE{struchtrup:2003,
  AUTHOR =	 {H. Struchtrup and M. Torrilhon},
  TITLE =	 {Regularization of Grad's 13 Moment Equations: 
                  Derivation and Linear Analysis},
  JOURNAL =	 PhysFluids,
  YEAR =	 {2003},
  VOLUME =	 {15},
  PAGES =	 {2668--2680}
}

@ARTICLE{sun:2004,
    AUTHOR={Q. Sun and I. D. Boyd},
    TITLE={Drag on a Flat Plate in Low-{Reynolds}-Number Gas Flows},
    JOURNAL=AIAAJ,
    YEAR={2004},
    VOLUME={42},
    PAGES={1066--1072}  }

@ARTICLE{zhang:2008,
    AUTHOR={T. Zhang and L. Jia and Z. Wang},
    TITLE={Validation of Navier-Stokes equations for slip flow analysis within transition region},
    JOURNAL={International Journal of Heat and Mass Transfer},
    VOLUME={51},
    NUMBER={25-26},
    PAGES={6323--6327},
    YEAR={2008}  }

